@article{ni2019performance,
  title={On the performance analysis of reset attack in cyber-physical systems},
  author={Ni, Yuqing and Guo, Ziyang and Mo, Yilin and Shi, Ling},
  journal={IEEE Transactions on Automatic Control},
  volume={65},
  number={1},
  pages={419--425},
  year={2019},
  publisher={IEEE}
}

@article{ni2021multi,
  title={Multi-party dynamic state estimation that preserves data and model privacy},
  author={Ni, Yuqing and Wu, Junfeng and Li, Li and Shi, Ling},
  journal={IEEE Transactions on Information Forensics and Security},
  volume={16},
  pages={2288--2299},
  year={2021},
  publisher={IEEE}
}

@article{zhang2020model,
  title={Model predictive control for integrated longitudinal and lateral stability of electric vehicles with in-wheel motors},
  author={Zhang, Lin and Chen, Hong and Huang, Yanjun and Guo, Hongyan and Sun, Haobo and Ding, Haitao and Wang, Nian},
  journal={IET Control Theory \& Applications},
  volume={14},
  number={18},
  pages={2741--2751},
  year={2020},
  publisher={Wiley Online Library}
}
